@book{Press:2007tk,
author = {Press, William H and Teukolsky, Saul A and Vetterling, William T and Flannery, Brian P},
title = {{Numerical Recipes 3rd Edition}},
publisher = {Cambridge University Press},
year = {2007},
series = {The Art of Scientific Computing},
month = sep
}

@ARTICLE{1996ApJ...456..902R,
   author = {{Rogers}, F.~J. and {Swenson}, F.~J. and {Iglesias}, C.~A.},
    title = "{OPAL Equation-of-State Tables for Astrophysical Applications}",
  journal = {\apj},
 keywords = {ATOMIC PROCESSES, EQUATION OF STATE, ATOMIC DATA},
     year = 1996,
    month = jan,
   volume = 456,
    pages = {902},
      doi = {10.1086/176705},
   adsurl = {http://adsabs.harvard.edu/abs/1996ApJ...456..902R},
  adsnote = {Provided by the SAO/NASA Astrophysics Data System}
}
@book{Kippenhahn:1994tm,
author = {Kippenhahn, Rudolf and Weigert, Alfred},
title = {{Stellar Structure and Evolution}},
publisher = {Springer},
year = {1994}
}

@article{hindmarsh1983odepack,
  title={{ODEPACK}, A Systematized Collection of ODE Solvers},
  author={Hindmarsh, A.C.},
  editor={RS Stepleman et al.(eds.)},
  journal={IMACS Transactions on Scientific Computation},
  volume={1},
  pages={55--64},
  year={1983},
  publisher={Scientific Computing},
  city={North-Holland, Amsterdam}
}
@book{hansen2004stellar,
  title={Stellar Interiors: Physical Principles, Structure, and Evolution},
  author={Hansen, C.J. and Kawaler, S.D. and Trimble, V.},
  isbn={9780387200897},
  lccn={30568100},
  series={Astronomy and Astrophysics Library},
  url={http://books.google.com/books?id=NnBq7R0M4UgC},
  year={2004},
  publisher={Springer-Verlag GmbH}
}
